@article{foxlin2005pedestrian,
	title={Pedestrian tracking with shoe-mounted inertial sensors},
	author={Foxlin, Eric},
	journal={IEEE Computer graphics and applications},
	volume={25},
	number={6},
	pages={38--46},
	year={2005},
	publisher={IEEE}
}

@article{jung2016consumer,
	title={Consumer valuation of the wearables: The case of smartwatches},
	author={Jung, Yoonhyuk and Kim, Seongcheol and Choi, Boreum},
	journal={Computers in Human Behavior},
	volume={63},
	pages={899--905},
	year={2016},
	publisher={Elsevier}
}
@book{gustafsson2010statistical,
	title={Statistical sensor fusion},
	author={Gustafsson, Fredrik},
	year={2010},
	publisher={Studentlitteratur}
}
@inproceedings{hol2006resampling,
	title={On resampling algorithms for particle filters},
	author={Hol, Jeroen D and Schon, Thomas B and Gustafsson, Fredrik},
	booktitle={2006 IEEE nonlinear statistical signal processing workshop},
	pages={79--82},
	year={2006},
	organization={IEEE}
}
@inproceedings{Lofberg2004,
address = {Taipei, Taiwan},
author = {L{\"{o}}fberg, J.},
booktitle = {In Proceedings of the CACSD Conference},
title = {YALMIP : A Toolbox for Modeling and Optimization in MATLAB},
year = {2004}
}
@inproceedings{Palshikar2009,
title={Simple algorithms for peak detection in time-series},
author={Palshikar, Girish and others},
booktitle={Proc. 1st Int. Conf. Advanced Data Analysis, Business Analytics and Intelligence},
volume={122},
year={2009}
}
@misc{cvx,
	author = {Michael Grant and Stephen Boyd},
	title  = {{CVX}: Matlab Software for Disciplined Convex Programming, version 2.1},
	howpublished = {\url{http://cvxr.com/cvx}},
	month = mar,
	year  = 2014
}
@book{verhaegen2007filtering,
  title={Filtering and system identification: a least squares approach},
  author={Verhaegen, Michel and Verdult, Vincent},
  year={2007},
  publisher={Cambridge university press}
}
@misc{kihlberg2012map,
  title={Map aided indoor positioning},
  author={Kihlberg, Johan and Tegelid, Simon},
  year={2012}
}
@article{gustafsson2010particle,
	title={Particle filter theory and practice with positioning applications},
	author={Gustafsson, Fredrik},
	journal={IEEE Aerospace and Electronic Systems Magazine},
	volume={25},
	number={7},
	pages={53--82},
	year={2010},
	publisher={IEEE}
}

